@misc{projekt,
    title={IMP – projekt „Měření srdečního tepu“},
    author={Ing. Václav Šimek},
    howpublished={[online]},
    url={http://www.fit.vutbr.cz/\~simekv/IMP\_projekt\%20-\%20mereni\_tep.pdf},
    key=1
}

@misc{high,
    title={High-pass filter},
    howpublished={[online]},
    author={wiki},
    url={https://en.wikipedia.org/wiki/High-pass\_filter},
    key=2
}

@misc{low,
    title={Low-pass filter},
    author={wiki},
    howpublished={[online]},
    url={https://en.wikipedia.org/wiki/Low-pass\_filter},
    key=2
}

@misc{fireSpread,
    title={The Rothermel Surface Fire Spread Model and Associated Developments: A Comprehensive Explanation},
    author={Patricia L. Andrews},
    howpublished={[online]},
    note={[vid.~2020-12-06]},
    url={https://www.fs.fed.us/rm/pubs\_series/rmrs/gtr/rmrs\_gtr371.pdf},
    key=4
}

@misc{konceptModel,
    title={Modelování a simulace},
    author={Petr PERINGER},
    howpublished={[online]},
    note={[vid.~2020-12-05]},
    url={http://www.fit.vutbr.cz/study/courses/IMS/public/prednasky/IMS.pdf},
    key=5
}